<?xml version="1.0" encoding="UTF-8"?><collection xmlns="http://www.loc.gov/MARC21/slim"><record><leader>00582nam--2200193-u-4500</leader><controlfield tag="001">000054322</controlfield><controlfield tag="002">20161230</controlfield><controlfield tag="005">20161230201051</controlfield><controlfield tag="008">111114s1000------------r-----000-0-rus-d</controlfield><datafield ind1=" " ind2=" " tag="040"><subfield code="a">IFIN-HH</subfield></datafield><datafield ind1=" " ind2=" " tag="041"><subfield code="a">rus</subfield></datafield><datafield ind1=" " ind2=" " tag="080"><subfield code="a">539.12</subfield></datafield><datafield ind1="1" ind2=" " tag="100"><subfield code="a">Zaharov, V.I</subfield></datafield><datafield ind1="1" ind2="0" tag="245"><subfield code="a">Tormoznoe izlucenie i opredelenie elektromagnitih harakteristik ceastit</subfield><subfield code="b">No 615</subfield><subfield code="c">V.i. zaharov, l.a. kondratiuk, l.a. ponomarev</subfield></datafield><datafield ind1=" " ind2=" " tag="260"><subfield code="a">Moskva</subfield><subfield code="b">Institut Teoreticeskoi I Eksperimentalnoi Fiziki</subfield><subfield code="c">1968</subfield></datafield><datafield ind1=" " ind2=" " tag="300"><subfield code="a">23P</subfield></datafield><datafield ind1="1" ind2=" " tag="700"><subfield code="a">Ponomarev, L.A</subfield></datafield><datafield ind1=" " ind2=" " tag="852"><subfield code="a">9072</subfield><subfield code="c">539</subfield></datafield><datafield ind1=" " ind2=" " tag="CAT"><subfield code="a">Sys</subfield><subfield code="c">20111114</subfield><subfield code="h">151414</subfield></datafield></record></collection>